%
% Bibliography
%

@article{Aluie2019,
author = {Aluie, Hussein},
doi = {10.1007/s13137-019-0123-9},
issn = {1869-2672},
journal = {GEM - International Journal on Geomathematics},
mendeley-groups = {Coarse Graining},
month = {dec},
number = {1},
pages = {9},
title = {{Convolutions on the sphere: commutation with differential operators}},
volume = {10},
year = {2019}
}

@article{li2023intercomparison,
  title={Intercomparison of tropospheric and stratospheric mesoscale kinetic energy resolved by the high-resolution global reanalysis datasets},
  author={Li, Ziyi and Wei, Junhong and Bao, Xinghua and Sun, Y Qiang},
  journal={Quarterly Journal of the Royal Meteorological Society},
  volume={149},
  number={757},
  pages={3738--3764},
  year={2023},
  publisher={Wiley Online Library}
}

@article{Aluie2018,
archivePrefix = {arXiv},
arxivId = {1710.07963},
author = {Aluie, Hussein and Hecht, Matthew and Vallis, Geoffrey K.},
doi = {10.1175/JPO-D-17-0100.1},
eprint = {1710.07963},
issn = {0022-3670},
journal = {Journal of Physical Oceanography},
mendeley-groups = {Coarse Graining},
pages = {225--244},
title = {{Mapping the Energy Cascade in the North Atlantic Ocean: The Coarse-graining Approach}},
volume = {48},
year = {2018}
}


@article{skamarock2004evaluating,
  title={Evaluating mesoscale NWP models using kinetic energy spectra},
  doi = {10.1175/MWR2830.1},
  author={Skamarock, William C},
  journal={Monthly weather review},
  volume={132},
  number={12},
  pages={3019--3032},
  year={2004},
  publisher={American Meteorological Society}
}

@article{Storer2022,
author = {Storer, Benjamin A. and Buzzicotti, Michele and Khatri, Hemant and Griffies, Stephen M. and Aluie, Hussein},
doi = {10.1038/s41467-022-33031-3},
issn = {2041-1723},
journal = {Nature Communications},
month = {sep},
number = {1},
pages = {5314},
title = {{Global energy spectrum of the general oceanic circulation}},
url = {https://www.nature.com/articles/s41467-022-33031-3},
volume = {13},
year = {2022}
}

@article{Buzzicotti2023,
author = {Buzzicotti, Michele and Storer, Benjamin A. and Khatri, Hemant and Griffies, Stephen M. and Aluie, Hussein},
doi = {10.1029/2023MS003693},
issn = {1942-2466},
journal = {Journal of Advances in Modeling Earth Systems},
month = {jun},
number = {6},
title = {{Spatio‐Temporal Coarse‐Graining Decomposition of the Global Ocean Geostrophic Kinetic Energy}},
url = {https://agupubs.onlinelibrary.wiley.com/doi/10.1029/2023MS003693},
volume = {15},
year = {2023}
}

@article{Storer2023,
author = {Storer, Benjamin A. and Buzzicotti, Michele and Khatri, Hemant and Griffies, Stephen M. and Aluie, Hussein},
doi = {10.1126/sciadv.adi7420},
issn = {2375-2548},
journal = {Science Advances},
month = {dec},
number = {51},
title = {{Global cascade of kinetic energy in the ocean and the atmospheric imprint}},
url = {https://www.science.org/doi/10.1126/sciadv.adi7420},
volume = {9},
year = {2023}
}
@article{clark1984critical,
  title={Critical level reflection and the resonant growth of nonlinear mountain waves},
  author={Clark, TL and Peltier, WR},
  journal={Journal of Atmospheric Sciences},
  volume={41},
  number={21},
  pages={3122--3134},
  year={1984}
}

@article{judt2018insights,
  title={Insights into atmospheric predictability through global convection-permitting model simulations},
  author={Judt, Falko},
  journal={Journal of the Atmospheric Sciences},
  volume={75},
  number={5},
  pages={1477--1497},
  year={2018},
  publisher={American Meteorological Society}
}

@phdthesis{morfa_avalos_2024,
  author       = {Avalos, Y.},
  title        = {The role of inertia-gravity waves in the atmospheric energy spectrum: insights from global storm-resolving simulations},
  school       = {PhD Thesis},
  year         = {2024},
  doi          = {10.17617/2.3565958},
}

@article{Dhaka2006Equatorial,  
title={Equatorial Atmosphere Radar observations of short vertical wavelength gravity waves in the upper troposphere and lower stratosphere region induced by localized convection},  
author={S. Dhaka and M. Yamamoto and Y. Shibagaki and H. Hashiguchi and S. Fukao and H. Chun},  
journal={Geophysical Research Letters},  
year={2006},  
volume={33},  
doi={10.1029/2006GL027026}  
}

@article{Zhang2007Latitudinal,  
title={Latitudinal and seasonal variations of inertial gravity wave activity in the lower atmosphere over central China},  
author={Shaodong Zhang and F. Yi},  
journal={Journal of Geophysical Research},  
year={2007},  
volume={112},  
doi={10.1029/2006JD007487}  
}

@article{sadek2018extracting,
  title={Extracting the spectrum of a flow by spatial filtering},
  author={Sadek, Mahmoud and Aluie, Hussein},
  journal={Physical Review Fluids},
  volume={3},
  number={12},
  pages={124610},
  year={2018},
  publisher={APS}
}

@article{Wang2021a,
author = {{Aaron Wang}, Jih-Wang and Sardeshmukh, Prashant D.},
doi = {10.1175/JAS-D-20-0294.1},
issn = {0022-4928},
journal = {Journal of the Atmospheric Sciences},
keywords = {Convection,Diffusion,Kinetic energy,Reanalysis data,Spectral analysis/models/distribution,Stochastic models},
month = {may},
number = {8},
pages = {2589--2603},
title = {{Inconsistent Global Kinetic Energy Spectra in Reanalyses and Models}},
url = {https://journals.ametsoc.org/view/journals/atsc/aop/JAS-D-20-0294.1/JAS-D-20-0294.1.xml},
volume = {78},
year = {2021}
}

@article{kouhen2024spatial,
  author       = {S. Kouhen},
  title        = {{Spatial spectra of the atmosphere \normalfont [{ComputationalNotebook}][{Dataset}]}},
  year         = {2024},
  doi          = {10.5281/zenodo.11618113},
  url          = {https://doi.org/10.5281/zenodo.11618113}
}


@article{feng2021global,
  title={A global high-resolution mesoscale convective system database using satellite-derived cloud tops, surface precipitation, and tracking},
  author={Feng, Zhe and Leung, L Ruby and Liu, Nana and Wang, Jingyu and Houze Jr, Robert A and Li, Jianfeng and Hardin, Joseph C and Chen, Dandan and Guo, Jianping},
  journal={Journal of Geophysical Research: Atmospheres},
  volume={126},
  doi={10.1029/2020JD034202},
  number={8},
  pages={e2020JD034202},
  year={2021},
  publisher={Wiley Online Library}
}

@article{trenberth1993implications,
  title={Implications of global atmospheric spatial spectra for processing and displaying data},
  author={Trenberth, Kevin E and Solomon, Amy},
  journal={Journal of climate},
  doi={10.1175/1520-0442(1993)006<0531:IOGASS>2.0.CO;2},
  volume={6},
  number={3},
  pages={531--545},
  year={1993},
  publisher={American Meteorological Society}
}

@article{storer2022global,
  title={Global energy spectrum of the general oceanic circulation},
  author={Storer, Benjamin A and Buzzicotti, Michele and Khatri, Hemant and Griffies, Stephen M and Aluie, Hussein},
  journal={Nature communications},
  doi={10.1038/s41467-022-33031-3},
  volume={13},
  number={1},
  pages={5314},
  year={2022},
  publisher={Nature Publishing Group UK London}
}

@article{lindborg2007horizontal,
  title={Horizontal wavenumber spectra of vertical vorticity and horizontal divergence in the upper troposphere and lower stratosphere},
  author={Lindborg, Erik},
  journal={Journal of the atmospheric sciences},
  doi={10.1175/JAS3864.1},
  volume={64},
  number={3},
  pages={1017--1025},
  year={2007}
}

@article{lindborg2007stratified,
  title={Stratified turbulence forced in rotational and divergent modes},
  author={Lindborg, Erik and Brethouwer, Geert},
  journal={Journal of Fluid Mechanics},
  volume={586},
  pages={83--108},
  year={2007},
  publisher={Cambridge University Press}
}

@article{balmino1993spectra,
  title={The spectra of the topography of the Earth, Venus and Mars},
  author={Balmino, G},
  journal={Geophysical Research Letters},
  volume={20},
  number={11},
  pages={1063--1066},
  year={1993},
  publisher={Wiley Online Library}
}

@inproceedings{hocke2016atmospheric,
  title={Atmospheric inertia-gravity waves retrieved from level-2 data of the satellite microwave limb sounder Aura/MLS},
  author={Hocke, Klemens and Lainer, Martin and Moreira, Lorena and Hagen, Jonas and Fernandez Vidal, Susana and Schranz, Franziska},
  booktitle={Annales geophysicae},
  volume={34},
  number={9},
  pages={781--788},
  year={2016},
  organization={Copernicus Publications G{\"o}ttingen, Germany}
}

@article{kafiabad2018spontaneous,
  title={Spontaneous imbalance in the non-hydrostatic Boussinesq equations},
  author={Kafiabad, Hossein A and Bartello, Peter},
  journal={Journal of Fluid Mechanics},
  volume={847},
  pages={614--643},
  year={2018},
  publisher={Cambridge University Press}
}

@inproceedings{bartello2010quasigeostrophic,
  title={Quasigeostrophic and stratified turbulence in the atmosphere},
  author={Bartello, Peter},
  booktitle={IUTAM Symposium on Turbulence in the Atmosphere and Oceans: Proceedings of the IUTAM Symposium on Turbulence in the Atmosphere and Oceans, Cambridge, UK, December 8─ 12, 2008},
  pages={117--130},
  year={2010},
  organization={Springer}
}

@article{waite2006transition,
  title={The transition from geostrophic to stratified turbulence},
  author={Waite, Michael L and Bartello, Peter},
  journal={Journal of Fluid Mechanics},
  volume={568},
  pages={89--108},
  year={2006},
  publisher={Cambridge University Press}
}

@article{vinnichenko1970kinetic,
  title={The kinetic energy spectrum in the free atmosphere—1 second to 5 years},
  author={Vinnichenko, NK},
  journal={Tellus},
  volume={22},
  number={2},
  pages={158--166},
  year={1970},
  publisher={Wiley Online Library}
}

@article{charney1971geostrophic,
  title={Geostrophic turbulence},
  author={Charney, Jule G},
  journal={Journal of the Atmospheric Sciences},
  volume={28},
  number={6},
  pages={1087--1095},
  year={1971},
  publisher={American Meteorological Society}
}

@article{kraichnan1967inertial,
  title={Inertial ranges in two-dimensional turbulence},
  author={Kraichnan, Robert H},
  journal={The Physics of Fluids},
  volume={10},
  number={7},
  pages={1417--1423},
  year={1967},
  publisher={American Institute of Physics}
}

@article{leith1968diffusion,
  title={Diffusion approximation for two-dimensional turbulence},
  author={Leith, Cecil E},
  journal={The Physics of Fluids},
  volume={11},
  number={3},
  pages={671--672},
  year={1968},
  publisher={American Institute of Physics}
}

@article{batchelor1969computation,
  title={Computation of the energy spectrum in homogeneous two-dimensional turbulence},
  author={Batchelor, George K},
  journal={The Physics of Fluids},
  volume={12},
  number={12},
  pages={II--233},
  year={1969},
  publisher={American Institute of Physics}
}

@article{burgess2013troposphere,
  title={The troposphere-to-stratosphere transition in kinetic energy spectra and nonlinear spectral fluxes as seen in ECMWF analyses},
  author={Burgess, Bel Helen and Erler, Andre R and Shepherd, Theodore G},
  journal={Journal of the atmospheric sciences},
  volume={70},
  number={2},
  pages={669--687},
  year={2013},
  publisher={American Meteorological Society}
}

@article{eyink2005locality,
  title={Locality of turbulent cascades},
  author={Eyink, Gregory L},
  journal={Physica D: Nonlinear Phenomena},
  volume={207},
  number={1-2},
  pages={91--116},
  year={2005},
  publisher={Elsevier}
}

@article{terasaki2009characteristics,
  title={Characteristics of the kinetic energy spectrum of NICAM model atmosphere},
  author={Terasaki, Koji and HL, Tanaka and Satoh, Masaki},
  journal={SOLA},
  volume={5},
  pages={180--183},
  year={2009},
  publisher={Meteorological Society of Japan}
}

@book{richardson1922weather,
  title={Weather prediction by numerical process},
  author={Richardson, Lewis F},
  year={1922},
  publisher={University Press}
}

@article{storer2023flowsieve,
  title={FlowSieve: A coarse-graining utility for geophysical flows on the sphere},
  author={Storer, Benjamin A and Aluie, Hussein},
  journal={Journal of Open Source Software},
  volume={8},
  number={84},
  pages={4277},
  year={2023}
}


% General geophysical fluid dynamics

@book{vallis2017atmospheric,
  title={Atmospheric and oceanic fluid dynamics},
  author={Vallis, Geoffrey K},
  year={2017},
  publisher={Cambridge University Press}
}

@book{lovejoy2013weather,
  title={The weather and climate: emergent laws and multifractal cascades},
  author={Lovejoy, Shaun and Schertzer, Daniel},
  year={2013},
  publisher={Cambridge University Press}
}

@article{lorenz1963deterministic,
  title={Deterministic nonperiodic flow},
  author={Lorenz, Edward N},
  journal={Journal of atmospheric sciences},
  volume={20},
  number={2},
  pages={130--141},
  year={1963}
}

@article{lorenz1969predictability,
  title={The predictability of a flow which possesses many scales of motion},
  author={Lorenz, Edward N},
  journal={Tellus},
  volume={21},
  number={3},
  pages={289--307},
  year={1969},
  publisher={Taylor \& Francis}
}

@article{kolmogorov1941local,
  title={The local structure of turbulence in incompressible viscous fluid for very large Reynolds numbers},
  author={Kolmogorov, Andrey Nikolaevich},
  journal={Cr Acad. Sci. URSS},
  volume={30},
  pages={301--305},
  year={1941}
}

@article{kolmogorov1962refinement,
  title={A refinement of previous hypotheses concerning the local structure of turbulence in a viscous incompressible fluid at high Reynolds number},
  author={Kolmogorov, Andrey Nikolaevich},
  journal={Journal of Fluid Mechanics},
  volume={13},
  number={1},
  pages={82--85},
  year={1962},
  publisher={Cambridge University Press}
}

@article{leutbecher2008ensemble,
  title={Ensemble forecasting},
  author={Leutbecher, Martin and Palmer, Tim N},
  journal={Journal of computational physics},
  volume={227},
  number={7},
  pages={3515--3539},
  year={2008},
  publisher={Elsevier}
}

@article{krishnamurthy2019predictability,
  title={Predictability of weather and climate},
  author={Krishnamurthy, V},
  journal={Earth and Space Science},
  volume={6},
  number={7},
  pages={1043--1056},
  year={2019},
  publisher={Wiley Online Library}
}


@article{augier2013new,
  title={A new formulation of the spectral energy budget of the atmosphere, with application to two high-resolution general circulation models},
  author={Augier, Pierre and Lindborg, Erik},
  journal={Journal of the Atmospheric Sciences},
  volume={70},
  number={7},
  pages={2293--2308},
  year={2013}
}

@article{shutts2005kinetic,
  title={A kinetic energy backscatter algorithm for use in ensemble prediction systems},
  author={Shutts, Glenn},
  journal={Quarterly Journal of the Royal Meteorological Society: A journal of the atmospheric sciences, applied meteorology and physical oceanography},
  volume={131},
  number={612},
  pages={3079--3102},
  year={2005},
  publisher={Wiley Online Library}
}

@article{tulloch2009quasigeostrophic,
  title={Quasigeostrophic turbulence with explicit surface dynamics: Application to the atmospheric energy spectrum},
  author={Tulloch, Ross and Smith, K Shafer},
  journal={Journal of the atmospheric sciences},
  volume={66},
  number={2},
  pages={450--467},
  year={2009}
}

@article{dewan1979stratospheric,
  title={Stratospheric wave spectra resembling turbulence},
  author={Dewan, Edmond M},
  journal={Science},
  volume={204},
  number={4395},
  pages={832--835},
  year={1979},
  publisher={American Association for the Advancement of Science}
}

@article{selz2019estimation,
  title={Estimation of the variability of mesoscale energy spectra with three years of COSMO-DE analyses},
  author={Selz, Tobias and Bierdel, Lotte and Craig, George C},
  journal={Journal of the Atmospheric Sciences},
  volume={76},
  number={2},
  pages={627--637},
  year={2019}
}

%Theory of kespec in atmosphere

@article{gage1979evidence,
  title={Evidence far a k- 5/3 law inertial range in mesoscale two-dimensional turbulence},
  author={Gage, KS},
  journal={Journal of Atmospheric Sciences},
  volume={36},
  number={10},
  pages={1950--1954},
  year={1979}
}

@article{lilly1983stratified,
  title={Stratified turbulence and the mesoscale variability of the atmosphere},
  author={Lilly, Douglas K},
  journal={Journal of Atmospheric Sciences},
  volume={40},
  number={3},
  pages={749--761},
  year={1983}
}

@article{vallis1997balanced,
  title={Balanced mesoscale motion and stratified turbulence forced by convection},
  author={Vallis, GK and Shutts, GJ and Gray, MEB},
  journal={Quarterly Journal of the Royal Meteorological Society},
  volume={123},
  number={542},
  pages={1621--1652},
  year={1997},
  publisher={Wiley Online Library}
}

@article{lindborg1999can,
  title={Can the atmospheric kinetic energy spectrum be explained by two-dimensional turbulence?},
  author={Lindborg, Erik},
  journal={Journal of Fluid Mechanics},
  volume={388},
  pages={259--288},
  year={1999},
  publisher={Cambridge University Press}
}

@article{cho2001horizontal,
  title={Horizontal velocity structure functions in the upper troposphere and lower stratosphere: 1. Observations},
  author={Cho, John YN and Lindborg, Erik},
  journal={Journal of Geophysical Research: Atmospheres},
  volume={106},
  number={D10},
  pages={10223--10232},
  year={2001},
  publisher={Wiley Online Library}
}

@article{lindborg2001horizontal,
  title={Horizontal velocity structure functions in the upper troposphere and lower stratosphere: 2. Theoretical considerations},
  author={Lindborg, Erik and Cho, John YN},
  journal={Journal of Geophysical Research: Atmospheres},
  volume={106},
  number={D10},
  pages={10233--10241},
  year={2001},
  publisher={Wiley Online Library}
}

@article{lindborg2006energy,
  title={The energy cascade in a strongly stratified fluid},
  author={Lindborg, Erik},
  journal={Journal of Fluid Mechanics},
  volume={550},
  pages={207--242},
  year={2006},
  publisher={Cambridge University Press}
}

@article{skamarock2014atmospheric,
  title={Atmospheric kinetic energy spectra from global high-resolution nonhydrostatic simulations},
  author={Skamarock, William C and Park, Sang-Hun and Klemp, Joseph B and Snyder, Chris},
  journal={Journal of the Atmospheric Sciences},
  volume={71},
  number={11},
  pages={4369--4381},
  year={2014},
  publisher={American Meteorological Society}
}

@article{lovejoy2009reinterpreting,
  title={Reinterpreting aircraft measurements in anisotropic scaling turbulence},
  author={Lovejoy, S and Tuck, AF and Schertzer, D and Hovde, SJ},
  journal={Atmospheric Chemistry and Physics},
  volume={9},
  number={14},
  pages={5007--5025},
  year={2009},
  publisher={Copernicus GmbH}
}

@article{frehlich2010equivalence,
  title={Equivalence of velocity statistics at constant pressure or constant altitude},
  author={Frehlich, RG and Sharman, RD},
  journal={Geophysical Research Letters},
  volume={37},
  number={8},
  year={2010},
  publisher={Wiley Online Library}
}

@article{vanzandt1982universal,
  title={A universal spectrum of buoyancy waves in the atmosphere},
  author={VanZandt, TE},
  journal={Geophysical Research Letters},
  volume={9},
  number={5},
  pages={575--578},
  year={1982},
  publisher={Wiley Online Library}
}

@article{koshyk1999kinetic,
  title={Kinetic energy spectrum of horizontal motions in middle-atmosphere models},
  author={Koshyk, John N and Boville, Byron A and Hamilton, Kevin and Manzini, Elisa and Shibata, Kiyotaka},
  journal={Journal of Geophysical Research: Atmospheres},
  volume={104},
  number={D22},
  pages={27177--27190},
  year={1999},
  publisher={Wiley Online Library}
}

@article{kafiabad2019diffusion,
  title={Diffusion of inertia-gravity waves by geostrophic turbulence},
  author={Kafiabad, Hossein A and Savva, Miles AC and Vanneste, Jacques},
  journal={Journal of Fluid Mechanics},
  volume={869},
  year={2019},
  publisher={Cambridge University Press}
}

@article{sun2017contributions,
  title={Contributions of moist convection and internal gravity waves to building the atmospheric- 5/3 kinetic energy spectra},
  author={Sun, Y Qiang and Rotunno, Richard and Zhang, Fuqing},
  journal={Journal of the Atmospheric Sciences},
  volume={74},
  number={1},
  pages={185--201},
  year={2017}
}

@article{waite2009mesoscale,
  title={The mesoscale kinetic energy spectrum of a baroclinic life cycle},
  author={Waite, Michael L and Snyder, Chris},
  journal={Journal of the atmospheric sciences},
  volume={66},
  number={4},
  pages={883--901},
  year={2009}
}

@article{sun2016intrinsic,
  title={Intrinsic versus practical limits of atmospheric predictability and the significance of the butterfly effect},
  author={Sun, Y Qiang and Zhang, Fuqing},
  journal={Journal of the Atmospheric Sciences},
  volume={73},
  number={3},
  pages={1419--1438},
  year={2016}
}

@incollection{charney1990numerical,
  title={Numerical integration of the barotropic vorticity equation},
  author={Charney, Jules G and Fj{\"o}rtoft, Ragnar and Neumann, J von},
  booktitle={The Atmosphere—A Challenge},
  pages={267--284},
  year={1990},
  publisher={Springer}
}

@article{iwayama2010green,
  title={Green’s function for a generalized two-dimensional fluid},
  author={Iwayama, Takahiro and Watanabe, Takeshi},
  journal={Physical Review E},
  volume={82},
  number={3},
  pages={036307},
  year={2010},
  publisher={APS}
}

@article{callies2014transition,
  title={Transition from geostrophic turbulence to inertia--gravity waves in the atmospheric energy spectrum},
  author={Callies, J{\"o}rn and Ferrari, Raffaele and B{\"u}hler, Oliver},
  journal={Proceedings of the National Academy of Sciences},
  volume={111},
  number={48},
  pages={17033--17038},
  year={2014},
  publisher={National Acad Sciences}
}

@article{selz2022transition,
  title={The transition from practical to intrinsic predictability of midlatitude weather},
  author={Selz, Tobias and Riemer, Michael and Craig, George},
  journal={Journal of the Atmospheric Sciences},
  year={2022}
}

@article{rotunno2008generalization,
  title={A generalization of Lorenz’s model for the predictability of flows with many scales of motion},
  author={Rotunno, Richard and Snyder, Chris},
  journal={Journal of the Atmospheric Sciences},
  volume={65},
  number={3},
  pages={1063--1076},
  year={2008}
}

@article{judt2018insights,
  title={Insights into atmospheric predictability through global convection-permitting model simulations},
  author={Judt, Falko},
  journal={Journal of the Atmospheric Sciences},
  volume={75},
  number={5},
  pages={1477--1497},
  year={2018}
}

@article{judt2020atmospheric,
  title={Atmospheric predictability of the tropics, middle latitudes, and polar regions explored through global storm-resolving simulations},
  author={Judt, Falko},
  journal={Journal of the Atmospheric Sciences},
  volume={77},
  number={1},
  pages={257--276},
  year={2020},
  publisher={American Meteorological Society}
}

@article{waite2020untangling,
  title={Untangling waves and vortices in the atmospheric kinetic energy spectra},
  author={Waite, Michael L},
  journal={Journal of Fluid Mechanics},
  volume={888},
  pages={F1},
  year={2020},
  publisher={Cambridge University Press}
}

@article{li2021characteristics,
  title={Characteristics of oceanic mesoscale variabilities associated with the inverse kinetic energy cascade},
  author={Li, Mengmeng and Liu, Zhiliang and Li, Jianing and Pang, Chongguang},
  journal={Acta Oceanologica Sinica},
  volume={40},
  pages={42--57},
  year={2021},
  publisher={Springer}
}

@article{nastrom1984kinetic,
  title={Kinetic energy spectrum of large-and mesoscale atmospheric processes},
  author={Nastrom, GD and Gage, KS and Jasperson, WH},
  journal={Nature},
  volume={310},
  number={5972},
  pages={36--38},
  year={1984},
  publisher={Nature Publishing Group UK London}
}

@article{bolgiani2022wind,
  title={Wind kinetic energy climatology and effective resolution for the {ERA5} reanalysis},
  author={Bolgiani, Pedro and Calvo-Sancho, Carlos and D{\'\i}az-Fern{\'a}ndez, Javier and Quiti{\'a}n-Hern{\'a}ndez, Lara and Sastre, Mariano and Santos-Mu{\~n}oz, Daniel and Farr{\'a}n, JI and Gonz{\'a}lez-Alem{\'a}n, Juan Jes{\'u}s and Valero, Francisco and Mart{\'\i}n, ML},
  journal={Climate Dynamics},
  volume={59},
  number={3-4},
  pages={737--752},
  year={2022},
  publisher={Springer}
}

@article{buizza1997potential,
  title={Potential forecast skill of ensemble prediction and spread and skill distributions of the ECMWF ensemble prediction system},
  author={Buizza, Roberto},
  journal={Monthly Weather Review},
  volume={125},
  number={1},
  pages={99--119},
  year={1997}
}

@article{palmer2001nonlinear,
  title={A nonlinear dynamical perspective on model error: A proposal for non-local stochastic-dynamic parametrization in weather and climate prediction models},
  author={Palmer, Tim N},
  journal={Quarterly Journal of the Royal Meteorological Society},
  volume={127},
  number={572},
  pages={279--304},
  year={2001},
  publisher={Wiley Online Library}
}

@article{palmer2014real,
  title={The real butterfly effect},
  author={Palmer, TN and D{\"o}ring, A and Seregin, G},
  journal={Nonlinearity},
  volume={27},
  number={9},
  pages={R123},
  year={2014},
  publisher={IOP Publishing}
}

@article{fiedler1970atmospheric,
  title={Atmospheric scales and spectral gaps},
  author={Fiedler, Franz and Panofsky, Hans A},
  journal={Bulletin of the American Meteorological Society},
  volume={51},
  number={12},
  pages={1114--1120},
  year={1970},
  publisher={American Meteorological Society}
}

@article{lilly1989two,
  title={Two-dimensional turbulence generated by energy sources at two scales},
  author={Lilly, Douglas K},
  journal={Journal of Atmospheric Sciences},
  volume={46},
  number={13},
  pages={2026--2030},
  year={1989}
}

@article{harper200750th,
  title={50th anniversary of operational numerical weather prediction},
  author={Harper, Kristine and Uccellini, Louis W and Kalnay, Eugenia and Carey, Kenneth and Morone, Lauren},
  journal={Bulletin of the American Meteorological Society},
  volume={88},
  number={5},
  pages={639--650},
  year={2007},
  publisher={American Meteorological Society}
}

@book{lynch2006emergence,
  title={The emergence of numerical weather prediction: Richardson's dream},
  author={Lynch, Peter},
  year={2006},
  publisher={Cambridge University Press}
}

@article{arbic2003coherent,
  title={Coherent vortices and kinetic energy ribbons in asymptotic, quasi two-dimensional f-plane turbulence},
  author={Arbic, Brian K and Flierl, Glenn R},
  journal={Physics of fluids},
  volume={15},
  number={8},
  pages={2177--2189},
  year={2003},
  publisher={American Institute of Physics}
}

@book{hudgins1992wavelet,
  title={Wavelet analysis of atmospheric turbulence},
  author={Hudgins, Lonnie H},
  year={1992},
  publisher={University of California, Irvine}
}

@article{errico1985spectra,
  title={Spectra computed from a limited area grid},
  author={Errico, Ronald M},
  journal={Monthly weather review},
  volume={113},
  number={9},
  pages={1554--1562},
  year={1985}
}

@article{leith1971atmospheric,
  title={Atmospheric predictability and two-dimensional turbulence},
  author={Leith, CE},
  journal={Journal of the Atmospheric Sciences},
  volume={28},
  number={2},
  pages={145--161},
  year={1971},
  publisher={American Meteorological Society}
}

% Observations of kespec

@article{durran2017practical,
  title={Practical considerations for computing dimensional spectra from gridded data},
  author={Durran, Dale and Weyn, Jonathan A and Menchaca, Maximo Q},
  journal={Monthly Weather Review},
  volume={145},
  number={9},
  pages={3901--3910},
  year={2017}
}

@article{morel1974relative,
  title={Relative dispersion of constant--level balloons in the 200--mb general circulation},
  author={Morel, Pierre and Larceveque, Mich{\`e}le},
  journal={Journal of Atmospheric Sciences},
  volume={31},
  number={8},
  pages={2189--2196},
  year={1974}
}

@article{nastrom1985climatology,
  title={A climatology of atmospheric wavenumber spectra of wind and temperature observed by commercial aircraft},
  author={Nastrom, Greg D and Gage, Kenneth S},
  journal={Journal of the atmospheric sciences},
  volume={42},
  number={9},
  pages={950--960},
  year={1985}
}

@article{gage1986theoretical,
  title={Theoretical interpretation of atmospheric wavenumber spectra of wind and temperature observed by commercial aircraft during GASP},
  author={Gage, Kenneth S and Nastrom, Gregory D},
  journal={Journal of Atmospheric Sciences},
  volume={43},
  number={7},
  pages={729--740},
  year={1986}
}

@article{lacorata2004evidence,
  title={Evidence for ak- 5/3 spectrum from the EOLE Lagrangian balloons in the low stratosphere},
  author={Lacorata, Guglielmo and Aurell, Erik and Legras, Bernard and Vulpiani, Angelo},
  journal={Journal of the atmospheric sciences},
  volume={61},
  number={23},
  pages={2936--2942},
  year={2004},
  publisher={American Meteorological Society}
}

@article{xu2011global,
  title={The global characteristics of the wavenumber spectrum of ocean surface wind},
  author={Xu, Yongsheng and Fu, Lee-Lueng and Tulloch, Ross},
  journal={Journal of physical oceanography},
  volume={41},
  number={8},
  pages={1576--1582},
  year={2011}
}

@article{abdalla2013resolution, title={Effective spectral resolution of ECMWF atmospheric forecast models},
  author={Abdalla, Saleh and Isaksen, Lars and Janssen, Peter A.E.M. and Wedi, Nils},
  journal={ECMWF Newsletter Feature article},
  volume={137},
  year={2013}
}

% Theory of SQG
@article{burgess2014application,
  title={The application of Kraichnan-Leith-Batchelor similarity theory to inverse cascades in generalized two-dimensional turbulence},
  author={Burgess, Belle Helen},
  journal={Ph. D. Thesis},
  year={2014}
}

@article{held1995surface,
  title={Surface quasi-geostrophic dynamics},
  author={Held, Isaac M and Pierrehumbert, Raymond T and Garner, Stephen T and Swanson, Kyle L},
  journal={Journal of Fluid Mechanics},
  volume={282},
  pages={1--20},
  year={1995},
  publisher={Cambridge University Press}
}

@article{lapeyre2017surface,
  title={Surface quasi-geostrophy},
  author={Lapeyre, Guillaume},
  journal={Fluids},
  volume={2},
  number={1},
  pages={7},
  year={2017},
  publisher={Multidisciplinary Digital Publishing Institute}
}

% Theory of cloud fractals

@article{pierrehumbert1994spectra,
  title={Spectra of local and nonlocal two-dimensional turbulence},
  author={Pierrehumbert, Raymond T and Held, Isaac M and Swanson, Kyle L},
  journal={Chaos, Solitons \& Fractals},
  volume={4},
  number={6},
  pages={1111--1116},
  year={1994},
  publisher={Elsevier}
}

% Cellular automata
@article{langton1990computation,
  title={Computation at the edge of chaos: Phase transitions and emergent computation},
  author={Langton, Chris G},
  journal={Physica D: Nonlinear Phenomena},
  volume={42},
  number={1-3},
  pages={12--37},
  year={1990},
  publisher={Elsevier}
}

@article{creutz1996cellular,
  title={Cellular automata and self-organized criticality},
  author={Creutz, Michael},
  journal={arXiv preprint hep-lat/9611017},
  year={1996}
}

@article{ninagawa19981ƒ,
  title={1ƒ fluctuation in the “Game of Life”},
  author={Ninagawa, Shigeru and Yoneda, Masaaki and Hirose, Sadaki},
  journal={Physica D: Nonlinear Phenomena},
  volume={118},
  number={1-2},
  pages={49--52},
  year={1998},
  publisher={Elsevier}
}

@book{adamatzky2018cellular,
  title={Cellular Automata: A Volume in the Encyclopedia of Complexity and Systems Science},
  author={Adamatzky, Andrew},
  year={2018},
  publisher={Springer}
}

% Cellular automata cloud param

@article{bengtsson2013stochastic,
  title={A stochastic parametrization for deep convection using cellular automata},
  author={Bengtsson, Lisa and Steinheimer, Martin and Bechtold, Peter and Geleyn, Jean-Fran{\c{c}}ois},
  journal={Quarterly Journal of the Royal Meteorological Society},
  volume={139},
  number={675},
  pages={1533--1543},
  year={2013},
  publisher={Wiley Online Library}
}

@article{bengtsson2011large,
  title={Large-scale dynamical response to subgrid-scale organization provided by cellular automata},
  author={Bengtsson, Lisa and K{\"o}rnich, Heiner and K{\"a}ll{\'e}n, Erland and Svensson, Gunilla},
  journal={Journal of the atmospheric sciences},
  volume={68},
  number={12},
  pages={3132--3144},
  year={2011},
  publisher={American Meteorological Society}
}

@article{christensen2021fractal,
  title={The Fractal Nature of Clouds in Global Storm-Resolving Models},
  author={Christensen, Hannah M and Driver, Oliver GA},
  journal={Geophysical Research Letters},
  pages={e2021GL095746},
  year={2021},
  publisher={Wiley Online Library}
}

@article{vaillant2017link,
  title={The link between outgoing longwave radiation and the altitude at which a spaceborne lidar beam is fully attenuated},
  author={Vaillant de Gu{\'e}lis, Thibault and Chepfer, H{\'e}l{\`e}ne and Noel, Vincent and Guzman, Rodrigo and Dubuisson, Philippe and Winker, David M and Kato, Seiji},
  journal={Atmospheric Measurement Techniques},
  volume={10},
  number={12},
  pages={4659--4685},
  year={2017},
  publisher={Copernicus GmbH}
}

@article{malardel2016does,
  title={How does subgrid-scale parametrization influence nonlinear spectral energy fluxes in global NWP models?},
  author={Malardel, Sylvie and Wedi, Nils P},
  journal={Journal of Geophysical Research: Atmospheres},
  volume={121},
  number={10},
  pages={5395--5410},
  year={2016},
  publisher={Wiley Online Library}
}

@article{najafi2021self,
  title={Self-organized criticality in cumulus clouds},
  author={Najafi, Morteza N and Cheraghalizadeh, Jafar and Herrmann, Hans J},
  journal={Physical Review E},
  volume={103},
  number={5},
  pages={052106},
  year={2021},
  publisher={APS}
}
@article{hersbach2020era5,
  title={The {ERA5} global reanalysis},
  author={Hersbach, Hans and Bell, Bill and Berrisford, Paul and Hirahara, Shoji and Hor{\'a}nyi, Andr{\'a}s and Mu{\~n}oz-Sabater, Joaqu{\'\i}n and Nicolas, Julien and Peubey, Carole and Radu, Raluca and Schepers, Dinand and others},
  journal={Quarterly Journal of the Royal Meteorological Society},
  volume={146},
  number={730},
  pages={1999--2049},
  year={2020},
  publisher={Wiley Online Library}
}

@article{stephan2022atmospheric,
  title={Atmospheric energy spectra in global kilometre-scale models},
  author={Stephan, Claudia Christine and Duras, Julia and Harris, Lucas and Klocke, Daniel and Putman, William M and Taylor, Mark and Wedi, Nils and {\v{Z}}agar, Nedjeljka and Ziemen, Florian},
  journal={Tellus A: Dynamic Meteorology and Oceanography},
  volume={74},
  number={1},
  year={2022},
  publisher={Stockholm University Press}
}

@article{rauscher2013exploring,
  title={Exploring a global multiresolution modeling approach using aquaplanet simulations},
  author={Rauscher, Sara A and Ringler, Todd D and Skamarock, William C and Mirin, Arthur A},
  journal={Journal of Climate},
  volume={26},
  number={8},
  pages={2432--2452},
  year={2013}
}

%CA and GA

@inproceedings{mitchell1996evolving,
  title={Evolving cellular automata with genetic algorithms: A review of recent work},
  author={Mitchell, Melanie and Crutchfield, James P and Das, Rajarshi and others},
  booktitle={Proceedings of the First International Conference on Evolutionary Computation and Its Applications (EvCA’96)},
  volume={8},
  year={1996},
  organization={Moscow}
}

%Numerics

@phdthesis{lacasce1996baroclinic,
  title={Baroclinic vortices over a sloping bottom},
  author={LaCasce, Joseph H},
  year={1996},
  school={Massachusetts Institute of Technology}
}


